@article{schwoerer2022flight,
  title={Flight plan for the future: floatplane pilots and researchers team up to predict invasive species dispersal in Alaska},
  author={Schwoerer, Tobias and Dial, Roman J and Little, Joseph M and Martin, Aaron E and Morton, John M and Schmidt, Jennifer I and Ward, Eric J},
  journal={Biological Invasions},
  volume={24},
  number={4},
  pages={1229--1245},
  year={2022},
  publisher={Springer}
}

@article{trammel2016,
    title="{Central Yukon Rapid Ecoregional Assessment. Prepared for the Bureau of Land Management, U.S. Department of the Interior. Anchorage, Alaska.}",
    author={Trammell, E.J. and Boucher, T. and Carlson, M.L. and Fresco, N. and Fulkerson, J.R. and McTeague, M.L. and Reimer, J. and Schmidt, J.},
    url={https://accscatalog.uaa.alaska.edu/dataset/floatplane-accessible-lakes-interior-alaska},
    year={2016},
    institution={U. S. Geological Survey}
}

@article{zhang2014lakes,
  title="{Lakesâ€™ State and Abundance Across the Tibetan Plateau}",
  author={Zhang, Guoqing and Yao, Tandong and Xie, Hongjie and Zhang, Kexiang and Zhu, Fujing},
  journal={Chinese Science Bulletin},
  volume={59},
  pages={3010--3021},
  year={2014},
  publisher={Springer}
}

@article{sima2013using,
  title="{Using Satellite Data to Extract Volume--Area--Elevation Relationships for Urmia Lake, Iran}",
  author={Sima, Somayeh and Tajrishy, Mohammad},
  journal={Journal of Great lakes research},
  volume={39},
  number={1},
  pages={90--99},
  year={2013},
  publisher={Elsevier}
}


@article{dugan2007nature,
  title="{Nature-based tourism in southeast Alaska: Results from 2005 and 2006 Field Study}",
  author={Dugan, Darcy and Fay, Ginny and Colt, Stephen},
  year={2007},
  publisher={Institute of Social and Economic Research, University of Alaska Anchorage}
}

@article{jiang2021effective,
  title="{An Effective Water Body Extraction Method with New Water Index for Sentinel-2 Imagery}",
  author={Jiang, Wei and Ni, Yuan and Pang, Zhiguo and Li, Xiaotao and Ju, Hongrun and He, Guojin and Lv, Juan and Yang, Kun and Fu, June and Qin, Xiangdong},
  journal={Water},
  volume={13},
  number={12},
  pages={1647},
  year={2021},
  publisher={Multidisciplinary Digital Publishing Institute}
}
